4454 6518
1049 817 1260 826 ——..-...-—-

247 935 310 1005 De
328 936 455 1004 habent
486 937 560 1004 :tibi
584 957 660 1005 esse
684 939 766 1005 satis
790 941 851 1006 hoc
875 943 1013 1010 solidum
1036 943 1174 1011 visumst
1195 944 1379 1028 gaudium-3
1403 947 1502 1011 Deo-²
1535 946 1683 1013 :Falsus
1706 941 1779 1027 (om.
1812 942 1901 1030 :es=).
1941 948 2064 1029 Bruti,

247 1030 484 1110 praeterquam
517 1028 604 1110 quod
635 1028 802 1096 ordinavit
834 1032 981 1099 :solidum
1015 1034 1154 1099 visumst
1186 1035 1354 1117 gaudium:
1388 1035 1521 1101 sublata
1553 1035 1817 1118 interrogatione
1854 1037 1954 1102 scribi
1991 1038 2065 1105 vult

249 1135 325 1184 :non
360 1116 443 1183 satis
471 1117 533 1184 tibi
560 1137 657 1185 esse:-
705 1119 755 1185 Fl.
784 1119 927 1201 priorem
955 1123 1084 1206 quidem
1113 1124 1327 1190 mutationem
1355 1124 1536 1206 repudians
1561 1124 1695 1191 Bentlei
1719 1144 1852 1191 versum
1876 1125 2064 1208 adoptavit.

248 1208 373 1290 Umpfa
398 1203 534 1268 Falru's
558 1232 581 1273 ::
606 1205 731 1269 Nonne
762 1206 828 1269 tr'bz'
845 1226 915 1271 esse
936 1208 1021 1272 θεῖτε
1044 1210 1104 1272 lroc
1126 1208 1270 1273 solidum
1297 1209 1443 1274 ar'sumst
1460 1210 1641 1293 gaudeam.

250 1299 390 1381 Speng:
414 1294 541 1359 Falsus
564 1317 598 1360 er
622 1325 646 1367 :2
671 1296 753 1361 Noa
776 1296 915 1360 ahisar
936 1319 1003 1363 esse
1025 1299 1094 1362 hoc.
1119 1320 1144 1361 s.
1168 1320 1198 1361 u.
1218 1320 1252 1382 gr.

410 1389 538 1455 'Pontus
570 1388 674 1473 igitur
706 1395 760 1457 θεῖ
793 1389 963 1459 dissensus
995 1392 1156 1458 hominnm
1191 1392 1255 1469 dd,
1289 1399 1326 1458 nt
1348 1392 1451 1460 liceat
1481 1394 1522 1459 de
1546 1394 1689 1478 integro,
1721 1413 1883 1476 quaenam
1917 1395 2066 1479 genuina

250 1496 370 1544 versus
402 1477 508 1545 forma
532 1479 577 1546 sit
607 1485 777 1561 reputare.
824 1483 935 1563 Atque
967 1482 1001 1547 in
1033 1481 1241 1548 restituendo
1276 1500 1373 1548 versu
1403 1482 1469 1548 tria
1500 1482 1704 1564 potissimum
1739 1484 1948 1567 respicienda
1979 1491 2066 1550 sunt.

251 1567 396 1635 Primum
421 1586 490 1650 cop.
515 1575 591 1651 post
614 1569 762 1635 :Falsus
787 1569 905 1637 deesse
930 1568 1082 1653 nequit.¹)
1130 1570 1283 1636 Alterum
1307 1579 1369 1647 θεῖ,
1393 1573 1480 1654 quod
1504 1572 1697 1639 necessario
1722 1574 1819 1639 :satis
1845 1593 1933 1641 esse:
1959 1575 2066 1640 verba

252 1676 325 1724 cum
340 1658 457 1724 BCEP
472 1657 522 1723 ita
547 1658 725 1725 coniuncta
741 1660 930 1726 exhibenda
946 1666 1040 1740 sunt3
1065 1680 1140 1725 nam
1157 1660 1316 1726 habemus
1332 1661 1531 1727 infinitivum
1548 1661 1784 1728 usitatissimae
1800 1663 1889 1729 illius
1905 1662 2066 1729 formulae

253 1746 350 1813 :satis
365 1752 431 1813 θεῖ
455 1766 480 1813 ε.
506 1753 574 1813 :sat
597 1752 674 1826 est,
699 1767 783 1829 qnae
807 1749 892 1815 idem
909 1750 1002 1816 valet
1019 1756 1119 1831 atque
1143 1748 1300 1829 sufficio,
1325 1756 1423 1832 atque
1441 1752 1526 1816 haec
1543 1751 1571 1816 si
1588 1756 1641 1816 θεῖ
1658 1752 1835 1829 sententia,
1861 1753 1944 1818 haec
1961 1752 2067 1819 verba

253 1855 383 1919 semper
399 1842 474 1903 arte
499 1836 757 1920 coniunguntur3
781 1845 977 1905 certantum
1001 1840 1034 1904 in
1059 1838 1218 1905 brevibus
1239 1839 1472 1923 interrogandi
1495 1840 1640 1905 formulis
1658 1840 1724 1906 alia
1741 1841 1858 1908 vocula
1875 1841 2067 1907 intercessit

251 1927 383 1993 Phorm.
409 1930 471 1991 211
504 1921 626 1986 Sattiae
647 1922 696 1985 sr'c
723 1927 794 1992 est?
824 1928 902 1995 ibid.
937 1934 1020 1994 1047
1046 1924 1150 1988 Satria
1184 1922 1301 1993 te‘birt‘?
1333 1934 1368 1995 et
1399 1929 1544 1996 fortasse
1575 1928 1661 1994 Eun.
1686 1931 1750 1995 810
1779 1926 1877 1990 Satri
1904 1926 1971 1990 tibi
1993 1929 2065 1995 est?

253 2010 312 2097 (ci.
337 2017 407 2082 Beu
424 2012 490 2096 1).²)
537 2014 631 2098 Quod
657 2016 684 2081 si
710 2016 764 2099 Sp.
790 2025 857 2083 :sat
881 2037 969 2086 θεεθς
1000 2017 1100 2084 scribi
1134 2018 1268 2097 mavult,
1301 2019 1440 2085 eumad
1471 2019 1574 2087 Andr.
1600 2038 1631 2084 v.
1657 2025 1721 2085 710
1746 2020 1807 2085 hoc
1830 2025 1956 2086 monet:
1992 2023 2067 2101 „sat

252 2105 389 2179 habere,
414 2105 506 2171 nicht
529 2105 628 2170 :satis
651 2106 789 2173 hahere=
812 2106 857 2172 ist
876 2108 929 2173 die
953 2108 1114 2174 stehende
1131 2106 1276 2187 Formel‚
1301 2109 1364 2173 wie
1381 2109 1466 2173 auch
1482 2107 1595 2174 immer
1618 2117 1686 2176 :sat
1710 2113 1772 2175 est=
1797 2110 1861 2175 und
1885 2116 1953 2175 :sat
1978 2127 2068 2174 θεεθΞ

254 2194 321 2262 und
344 2199 412 2260 =sat
436 2190 583 2276 agere=“,
608 2195 721 2261 dubito
747 2216 790 2263 an
814 2197 918 2263 virum
943 2199 1074 2263 doctum
1099 2195 1206 2278 opinio
1230 2193 1447 2279 fefelleric3³)
1472 2217 1546 2263 nam
1572 2217 1613 2262 ex
1636 2202 1796 2264 accurata
1818 2199 1914 2264 huius
1937 2199 1987 2264 rei
2012 2200 2068 2265 ob·

253 2285 446 2352 servatione
479 2284 533 2351 hic
556 2284 665 2368 potius
696 2286 909 2368 cognoscitur
942 2306 1035 2353 usus:
1070 2293 1136 2351 :sat
1159 2291 1223 2351 θεῖς
1248 2305 1379 2369 semper
1403 2286 1524 2352 dicitur
1546 2287 1580 2353 in
1604 2287 1668 2352 fine
1696 2304 1832 2365 versus3
1868 2306 1970 2354 causa
1993 2307 2069 2371 per·

254 2374 370 2457 spicua
394 2380 462 2453 θεῖ,
487 2373 528 2440 cf.
554 2375 657 2440 Andr.
686 2379 758 2446 170,
791 2376 921 2441 Phorm.
947 2381 1021 2441 541.
1047 2380 1122 2456 604,
1151 2376 1233 2441 Ηθθ.
1259 2379 1334 2455 236,
1359 2376 1421 2442 Ad.
1447 2381 1526 2454 8343
1559 2376 1639 2441 item
1664 2381 1823 2443 truncata
1846 2377 1951 2443 forma
1977 2376 2069 2442 adhi-

254 2464 363 2540 betur,
396 2463 423 2529 si
448 2467 547 2528 :erat
582 2463 714 2529 accedit
745 2464 895 2529 nimirum
919 2466 959 2530 ob
992 2482 1203 2531 numerorum
1231 2465 1412 2537 rationem3
1446 2464 1488 2531 cf.
1515 2466 1599 2530 Eun.
1626 2471 1700 2543 736,
1726 2466 1857 2531 Phorm.
1885 2468 1959 2532 780.
1986 2472 2068 2543 797;

253 2552 351 2619 :satis
374 2558 439 2619 est
461 2551 575 2635 utiquo
599 2552 720 2619 dicitur
743 2553 778 2618 in
806 2553 910 2618 medio
935 2572 1051 2632 versu3
1077 2554 1118 2618 cf.
1144 2554 1247 2619 Andr.
1273 2556 1347 2632 003,
1372 2555 1494 2620 Heaut.
1521 2560 1593 2628 641,
1623 2556 1755 2620 Phorm.
1780 2559 1853 2620 724.
1885 2561 1977 2633 1029,
2003 2555 2069 2620 Ad.

256 2646 336 2723 774;
360 2641 457 2709 :satis
481 2641 537 2707 sit
561 2642 665 2707 Andr.
691 2644 754 2706 705
779 2647 814 2707 θῖ
838 2644 920 2708 Ηθθ.
948 2645 1027 2713 783;
1051 2661 1157 2723 neque
1183 2660 1240 2707 cnr
1264 2662 1328 2708 non
1346 2643 1477 2708 dicatur
1500 2644 1530 2708 h.
1557 2644 1578 2708 l.
1602 2644 1698 2709 :satis
1723 2662 1810 2709 esse:
1835 2644 2069 2727 intellegimus.

254 2730 407 2813 Denique
437 2730 525 2797 nullo
556 2731 648 2796 modo
680 2730 752 2796 lieri
786 2736 907 2813 potest,
941 2732 1018 2813 quin
1048 2749 1181 2797 :nonne=
1213 2731 1411 2814 particulam
1445 2732 1667 2809 admittamus,
1700 2740 1738 2798 ut
1770 2752 1867 2815 quam
1899 2753 1965 2799 non
1989 2752 2072 2799 usus

255 2818 518 2897 scaenicornm4)
541 2820 600 2886 sed
622 2820 686 2886 loci
712 2820 882 2886 sententia
905 2825 1053 2903 respuat.
1100 2820 1210 2903 Quare
1235 2821 1381 2887 fortasse
1406 2821 1460 2886 hic
1485 2830 1537 2886 θεῖ
1561 2822 1784 2888 Terentianus
1809 2841 1945 2888 versus:

536 2906 674 2970 Falwc's
690 2931 707 2974 ::
730 2906 811 2969 Non
836 2905 901 2969 taor·
918 2906 1004 2969 sotto
1026 2927 1095 2969 osse
1117 2906 1176 2969 hoc
1196 2905 1342 2969 solidum
1366 2906 1512 2969 arsurost
1527 2907 1699 2991 gundram
1725 2910 1792 2969 —12

417 2999 483 3067 Son
507 2998 572 3065 iam
597 3018 653 3065 eos
678 2999 768 3065 locos
791 3005 990 3083 spectemus.
1014 2999 1068 3066 ubi
1094 2998 1210 3079 copula
1234 3000 1355 3065 omissa
1380 3000 1521 3066 videtur.
1568 3000 1697 3066 Primus
1721 3006 1773 3065 θεῖ

417 3088 480 3154 Ad.
507 3094 568 3154 741
594 3107 641 3170 sq,
689 3084 788 3148 Illud
808 3086 899 3168 quod
918 3084 1037 3149 cecidet
1047 3086 1156 3172 sorte,
1181 3084 1221 3146 id
1241 3090 1313 3147 arta
1339 3089 1382 3149 ut
1403 3087 1540 3166 corrigas.

638 3199 662 3242 z:
688 3176 855 3239 dorraolor!
877 3182 993 3258 nempe
1016 3180 1077 3238 tua
1095 3229 1102 3244 ,
1120 3225 1127 3240 .
1146 3224 1153 3239 .
1172 3225 1179 3239 .

258 3267 460 3335 =Gorrector=
492 3268 716 3334 nominativus
751 3267 879 3348 quidem
916 3274 978 3350 θεῖ,
1015 3267 1074 3333 sed
1110 3287 1175 3332 non
1210 3267 1296 3333 idem
1332 3274 1385 3332 θεῖ
1420 3274 1519 3350 atque
1555 3275 1740 3334 :corrector
1775 3286 1839 3349 es13
1873 3288 1948 3333 nam
1983 3268 2072 3335 istud

257 3356 459 3423 *correctom
485 3358 527 3422 ab
558 3356 672 3423 ultima
701 3377 782 3423 voce
813 3356 1084 3435 contradicentis,
1114 3363 1151 3423 ut
1178 3357 1263 3422 solet
1292 3358 1332 3421 ab
1362 3357 1470 3435 iratis,
1501 3358 1640 3438 petitum
1665 3366 1700 3424 et
1724 3359 1846 3438 partim
1878 3377 1938 3440 per
1963 3358 2070 3424 excla-

258 3443 435 3512 mationem
459 3446 578 3528 partim
603 3465 663 3530 per
697 3446 992 3531 interrogationem
1017 3446 1273 3528 pronuntiatum,
1300 3446 1328 3511 si
1352 3446 1499 3511 volunms
1524 3447 1568 3519 id,
1599 3447 1685 3528 qnod
1708 3446 1778 3513 sola
1803 3446 2067 3530 pronuntiatione

259 3533 480 3619 significatur,
511 3536 591 3617 ipsis
615 3535 726 3601 verbis
750 3536 946 3617 exprimere,
977 3536 1061 3601 hano
1085 3535 1150 3602 vim
1173 3535 1277 3600 hahet
1301 3542 1348 3600 :te
1374 3541 1594 3601 correctorem
1621 3534 1725 3601 esset
1749 3536 1802 3602 vel
1826 3554 1919 3601 :ecce
1946 3552 2067 3601 comec-

259 3623 395 3690 toreml=
440 3624 567 3690 Eadem
592 3631 646 3691 θεῖ
669 3643 724 3689 res

422 3715 527 3780 Andr,
554 3720 617 3780 702
640 3732 686 3795 sq,
711 3716 780 3779 PA.
812 3709 899 3791 Quis
914 3710 1053 3773 videor?
1076 3714 1142 3780 CH.
1169 3710 1282 3772 Mr'm
1296 3729 1398 3792 aeque
1412 3715 1513 3793 otqrrc
1535 3730 1602 3794 ego
1623 3714 1693 3781 DA,
1727 3710 1915 3774 Constlt'um
1939 3730 2071 3795 quaero.

796 3803 864 3869 CH.
889 3799 1025 3862 Forlrlr!
1047 3804 1113 3869 PA.
1139 3799 1224 3871 Scr'o,
1249 3798 1336 3882 quid
1355 3819 1478 3864 canere.

263 3892 320 3960 Sic
342 3897 436 3958 recte
461 3888 615 3976 Spengl’)
640 3926 683 3934 ·-
708 3893 784 3958 Cum
810 3898 845 3958 θῖ
868 3892 965 3957 Char.
991 3899 1026 3956 et
1044 3892 1178 3973 Pamph.
1204 3893 1303 3958 valde
1321 3893 1427 3957 adhuc
1451 3892 1616 3975 indignati
1640 3893 1718 3970 sint,
1743 3891 1895 3959 :Fortish
1922 3892 2074 3959 nonnisi

264 4000 335 4048 cum
359 3981 463 4047 ironia
486 3981 624 4061 dicitnr3
650 3990 685 4047 et
709 3982 769 4047 hoc
793 3981 963 4065 signifieat
990 3982 1060 4059 „lln
1086 3981 1151 4046 bist
1176 3981 1228 4046 ein
1253 3981 1394 4045 schoner
1417 3978 1541 4045 Held!“
1593 3982 1704 4063 Quare
1730 3994 1785 4047 sat
1807 3981 1967 4063 languida
1992 3999 2071 4048 eva·

263 4071 361 4138 deret
392 4071 569 4149 sententia,
607 4071 634 4136 si
667 4070 817 4137 :Forti'sx
854 4070 1082 4136 scriberemus.
1131 4070 1201 4134 Non
1234 4070 1346 4150 placet
1378 4070 1511 4135 Bentlei
1546 4075 1580 4134 et
1609 4071 1825 4137 Fleckeiseni
1859 4088 2075 4153 personarum

264 4158 450 4243 dispositi03
474 4179 560 4237 nam,
585 4160 662 4242 qnia
686 4166 720 4225 et
744 4161 842 4226 Char.
868 4166 904 4225 et
923 4161 1060 4239 Pamph.
1086 4159 1175 4225 servi
1198 4158 1344 4224 consiliis
1369 4159 1545 4241 deceptum
1570 4178 1606 4224 se
1630 4160 1764 4236 indicat,
1791 4159 1961 4242 aptissime
1985 4168 2073 4226 utar·

264 4268 328 4329 que
353 4249 386 4314 in
412 4267 484 4315 eum
507 4250 685 4327 invehitur,
712 4267 783 4315 cum
807 4268 893 4315 nova
926 4247 1065 4313 consilia
1089 4249 1282 4328 promissum
1307 4254 1372 4312 eat.
1420 4248 1558 4314 Scilicet
1582 4249 1682 4315 etiarn
1705 4248 1803 4330 :Seio
1835 4249 1912 4331 quid
1936 4267 2071 4314 conere=

265 4337 369 4405 verba
393 4356 464 4404 cum
487 4338 592 4404 ironia
615 4338 707 4405 dicta
739 4343 875 4403 suntet
905 4335 1098 4419 significant
1130 4337 1207 4417 „lch
1232 4337 1321 4402 kann
1352 4337 1413 4403 mir
1444 4339 1545 4403 sehon
1578 4339 1721 4416 denhem
1754 4357 1824 4404 was
1856 4339 1916 4403 das
1949 4338 2076 4404 wieder

265 4428 397 4492 werden
423 4424 541 4493 wird!“
591 4428 641 4494 Ad
666 4446 751 4510 quae
769 4430 854 4493 bene
878 4427 1011 4494 accedit
1034 4425 1122 4492 servi
1147 4426 1317 4507 responsio
1344 4426 1489 4505 „Diesen
1505 4423 1591 4491 Plan
1615 4427 1727 4493 werde
1744 4428 1796 4493 ich
1820 4429 1872 4493 dir
1895 4427 2074 4493 sicherlich

265 4534 582 4543 ---------

426 4566 446 4629 ¹)
466 4567 542 4634 Quod
562 4566 632 4622 Don.
656 4584 715 4622 eam
735 4567 836 4635 omisit,
862 4566 964 4621 uirilius
990 4574 1033 4620 θεῖ
1052 4565 1182 4619 momenti
1207 4564 1235 4620 in
1261 4566 1312 4620 hac
1330 4564 1441 4634 quidem
1460 4581 1506 4631 re;
1532 4566 1640 4620 omnino
1668 4583 1720 4621 non
1739 4583 1806 4636 opus
1832 4574 1894 4622 erat
1919 4567 1944 4621 ei
1964 4567 2076 4635 copulae

265 4639 378 4722 formam
397 4638 666 4765 respicessefflurilptpa
686 4639 732 4707 qui
752 4640 861 4693 :falsus
881 4638 954 4693 vocis
972 4637 1186 4706 ambiguitatem
1204 4651 1314 4691 sonsum
1333 4637 1413 4691 modo
1432 4637 1551 4691 activum
1570 4638 1651 4692 modo
1671 4639 1811 4707 passivum
1831 4638 1971 4693 induentis
1996 4653 2076 4708 expo·

264 4725 330 4764 nere
349 4726 378 4764 m
396 4726 586 4843 congregatam
605 4749 667 4836 hsl.
687 4782 756 4836 nolis
776 4783 846 4835 hanc
863 4779 1005 4834 formulam
1025 4795 1176 4847 agnoscere
1196 4786 1226 4834 et
1251 4779 1344 4835 :satisz
1364 4796 1423 4834 eum
1448 4780 1590 4834 :solidurnt
1615 4781 1693 4835 malis
1713 4781 1892 4850 coniungere,
1915 4780 2077 4835 Terentium

266 4852 350 4907 etiam
370 4852 397 4905 in
416 4853 468 4907 hac
485 4853 644 4908 condicione
663 4854 758 4907 harum
782 4868 879 4906 vocum
902 4850 1120 4906 coniunctionem
1140 4852 1294 4919 adamasse,
1315 4851 1444 4906 discimus
1471 4866 1506 4905 ex
1530 4853 1639 4907 Phorm.
1667 4854 1728 4909 541.
1756 4850 1841 4919 1029;
1869 4852 1938 4909 Ηθθ.
1966 4854 2019 4905 236
2048 4858 2079 4907 θῖ

265 4923 318 4979 Μ’
337 4927 397 4977 m
425 4991 447 5060 ³)
466 4995 553 5063 Fugit
571 4996 748 5065 Spengelium
767 4997 867 5050 Heaut.
887 4993 935 5048 641
958 4992 1073 5059 ‘palidum
1090 4994 1159 5046 satis
1177 4999 1215 5045 est
1233 5000 1262 5048 et
1281 4995 1388 5049 Phorm.
1407 4997 1460 5048 724
1479 4993 1544 5046 Noa
1561 4995 1629 5047 sotis
1648 5000 1686 5046 est
1705 5000 1778 5046 tuom
1797 5000 1821 5045 le
1837 4992 1958 5060 osticium
1970 4992 2077 5059 fecisse.

265 5065 308 5120 Au
329 5064 413 5120 etiam
432 5065 474 5120 his
492 5066 569 5131 loeis,
589 5083 647 5122 curn
668 5067 736 5120 istas
755 5066 863 5121 fabulas
890 5065 963 5130 edet,
983 5081 1060 5120 suam
1087 5066 1221 5121 rationem
1242 5064 1409 5120 inculcabit?
1435 5072 1474 5121 Aa
1491 5066 1550 5134 ipse
1569 5083 1623 5120 non
1650 5066 1755 5119 veritus
1780 5072 1825 5119 θεῖ
1851 5066 1971 5120 scribere
1991 5066 2077 5121 Andr.

266 5140 319 5193 903
338 5136 395 5188 Pro
409 5143 520 5204 peccalo
540 5152 634 5206 υιαθηο
648 5136 763 5204 paulam
781 5136 897 5204 supplici
913 5137 983 5189 sotis
1001 5143 1040 5189 est
1053 5137 1138 5203 parri.
1175 5137 1268 5192 Etiam
1293 5135 1400 5192 Phorm.
1421 5141 1490 5193 1029
1510 5148 1540 5191 et
1558 5136 1608 5192 Ad.
1628 5140 1679 5190 774
1699 5137 1832 5191 traditum
1851 5145 1894 5192 est
1912 5137 1994 5191 :satis
2014 5144 2078 5204 esc,

266 5224 428 5277 quamquam
454 5210 481 5263 in
507 5209 549 5283 his
569 5210 678 5277 quidem
705 5210 837 5277 exemplis
863 5225 915 5262 non
936 5209 1067 5263 lnahemus
1092 5207 1235 5263 formulam
1254 5209 1345 5277 illam;
1377 5211 1427 5264 sed
1447 5210 1512 5278 quid
1532 5209 1642 5263 tandem
1663 5224 1697 5262 ea
1725 5208 1753 5263 in
1777 5208 1828 5263 tali
1854 5209 2029 5278 potissimum
2047 5224 2077 5262 ro

267 5280 407 5348 peculiare
426 5281 532 5336 habet?
551 5282 714 5337 Terentium
734 5280 864 5348 vicissim,
882 5280 929 5334 ubi
948 5297 1001 5334 non
1021 5288 1113 5334 exstat
1131 5281 1249 5334 formula
1267 5278 1323 5345 illa,
1343 5280 1435 5334 dicere
1455 5287 1514 5334 :sat
1532 5288 1595 5346 θεῖε,
1615 5278 1745 5335 discimus
1765 5294 1798 5335 ex
1816 5281 1922 5334 Phorm.
1942 5282 1992 5334 541
2024 5278 2079 5345 Ait,

266 5350 367 5403 dictam
385 5352 503 5418 separati
520 5357 564 5404 sai
582 5358 620 5405 eat
639 5358 670 5408 et
688 5352 755 5407 Hec.
775 5353 827 5406 206
846 5366 902 5403 noa
918 5352 992 5419 siponi
1008 5350 1059 5403 hoc
1075 5357 1118 5403 sot
1137 5356 1176 5403 est
1194 5349 1254 5403 -ἓ

426 5423 450 5508 ⁴)
470 5424 509 5479 Cf.
528 5422 598 5508 Paul
623 5423 757 5478 Schrader
785 5423 842 5485 „De
866 5423 1063 5491 particularum
1091 5455 1124 5463 -
1153 5439 1196 5490 ne,
1222 5438 1303 5490 anua,
1330 5438 1418 5477 nonne
1444 5423 1516 5492 apud
1541 5421 1668 5477 Plautum
1694 5422 1846 5492 prosodia.“
1884 5421 2080 5489 Strassburger

266 5494 802 5633 lnauguro1n3ssssegffinonbgssffimyg,¹
820 5564 853 5618 Si
871 5562 937 5632 quid
954 5578 1062 5632 eonem
1079 5566 1173 5620 Fleck.
1193 5566 1249 5621 PA.
1269 5563 1393 5633 Forh'sl
1410 5562 1482 5631 Scio,
1501 5562 1572 5631 quod
1590 5578 1689 5617 waere.
