4454 6518
1063 775 1274 875 seu

423 993 552 1061 Eadem
575 992 678 1078 igitur
701 992 754 1058 hic
777 991 908 1059 ratione
934 991 1108 1058 adiectivis
1141 993 1194 1060 vel
1227 992 1412 1078 participiis
1436 993 1508 1060 siue
1539 995 1643 1061 verbo
1668 995 1771 1060 subst.
1798 989 1975 1074 utuntur,¹)
2008 1010 2072 1071 qua

186 1090 189 1099 '
264 1083 349 1151 alias
373 1084 459 1168 apud
486 1083 649 1167 proprium
680 1083 815 1149 verbum
843 1102 901 1165 pro
931 1081 1024 1148 finito
1052 1082 1145 1149 modo
1169 1083 1351 1150 infinitivus
1382 1083 1569 1162 adhibetur,
1602 1084 1657 1161 qui
1690 1083 1774 1149 male
1808 1084 1866 1150 ini.
1891 1084 2072 1161 absolutae,

264 1191 399 1258 prorsus
423 1173 508 1239 laiso
531 1171 590 1239 inf.
606 1172 785 1238 historicus
810 1170 1007 1255 appellatur.
1053 1172 1147 1256 Quod
1162 1191 1221 1238 nos
1244 1173 1367 1239 docent
1390 1172 1537 1255 inprimis
1560 1173 1648 1239 tales
1665 1172 1736 1246 loci,
1764 1173 1881 1250 quibus
1905 1172 2074 1239 adiectiva

263 1263 318 1329 vel
343 1261 520 1345 participia
544 1261 615 1327 sine
640 1261 759 1345 copula
781 1261 875 1327 iuxta
898 1259 1095 1327 infinitivum
1119 1262 1244 1344 proprii
1267 1261 1362 1328 verbi
1386 1265 1531 1335 exstant,
1555 1262 1649 1328 velut

263 1352 327 1418 Ad.
353 1355 396 1417 44
420 1368 490 1432 sqq.
1245 1345 1307 1411 Ille
1327 1352 1444 1410 contra
1466 1348 1548 1411 haec
1569 1346 1684 1410 omnia

585 1435 684 1500 Ruri
701 1455 800 1519 agere
822 1434 925 1496 uitam
951 1459 958 1500 :
981 1442 1109 1519 semper
1124 1441 1226 1519 parce
1249 1457 1288 1499 ac
1310 1435 1446 1500 duriter

585 1526 630 1589 Se
652 1523 769 1589 habere
792 1549 799 1590 :
824 1543 964 1587 uxorem
987 1523 1091 1587 duxit
1112 1548 1119 1588 :
1144 1524 1316 1610 natifilii

584 1615 683 1684 Duo:
708 1612 790 1677 erade
812 1633 869 1698 ego
891 1613 986 1677 hunc
1007 1613 1166 1677 aratorem
1189 1614 1355 1699 adoptari
1372 1613 1497 1702 rur'lnd)

424 1727 499 1793 Huc
522 1726 623 1792 etiam
646 1724 793 1809 pertinet
815 1725 900 1790 alius
925 1725 1027 1804 locus,
1053 1724 1198 1791 sirecte
1222 1725 1317 1791 libris
1341 1725 1525 1806 exhibetur,
1551 1726 1653 1792 Andr.
1679 1732 1720 1791 63
1745 1742 1815 1805 sqq.

590 1810 676 1874 Cum
699 1809 821 1894 quadus
843 1815 920 1873 erat
941 1829 1104 1894 quousque
1125 1830 1208 1883 uma,
1233 1810 1281 1874 ere
1302 1830 1372 1874 sese
1395 1810 1513 1875 dedere

585 1900 713 1965 sonam
736 1898 874 1983 obsequi
891 1897 1017 1962 studri's
1040 1923 1047 1964 :
1072 1898 1237 1963 advorsus
1260 1898 1422 1964 nemini:

586 1990 776 2074 Nunquam
794 1995 1009 2073 praeponens
1031 2009 1065 2052 se
1087 1987 1157 2051 allis
1181 2013 1188 2054 :
1214 1988 1263 2051 r‘ta
1287 1992 1328 2052 ut
1339 1987 1526 2076 facillume

585 2078 671 2142 Sr'rre
694 2077 827 2141 rmvrdr'a
850 2077 986 2141 laudem
1011 2076 1170 2142 emerendae
1191 2082 1226 2141 et
1247 2077 1368 2141 amicos
1385 2076 1525 2165 pereni)

426 2192 466 2257 In
489 2191 541 2255 his
566 2193 601 2257 et
624 2188 791 2272 prioribus
815 2187 895 2254 locis
920 2187 1037 2271 copula
1061 2187 1182 2254 omissa
1206 2189 1335 2265 quidem
1360 2196 1422 2268 est,
1455 2190 1515 2255 sed
1547 2197 1728 2256 excusatur
1756 2191 1886 2257 omissio
1910 2191 1984 2268 ipsa
2008 2209 2075 2256 ser·

266 2280 369 2347 monis
393 2284 523 2346 natura.
570 2280 618 2345 At
640 2297 682 2344 ne
705 2282 816 2344 mente
841 2277 969 2358 quidem
993 2277 1141 2359 suppleri
1165 2276 1267 2344 debet
1290 2280 1423 2345 verbum
1448 2281 1553 2345 subst.
1579 2279 1751 2347 hocloco:

267 2370 371 2437 Andr,
397 2375 461 2435 358
485 2388 555 2451 sqq.
586 2363 767 2428 Redeunti
785 2363 917 2426 creterra
939 2383 983 2426 ex
1003 2363 1076 2446 ipsa
1101 2383 1135 2426 re
1156 2362 1246 2426 milri
1265 2363 1389 2427 rmcr'dr't
1411 2364 1566 2449 :suspitio
1590 2365 1684 2439 ‘leem

587 2451 780 2516 Paululum
803 2451 949 2522 obsoni:
974 2452 1070 2536 r'ptsus
1093 2452 1204 2516 trr'str's
1228 2483 1235 2522 :
1260 2451 1300 2516 de
1321 2453 1499 2538 improuiso
1522 2453 1664 2539 nuptme
1688 2480 1695 2521 :

585 2542 666 2606 Nare
688 2541 900 2612 cohaereut’,=

425 2654 501 2721 Etsi
533 2657 705 2719 structura
728 2652 858 2735 quidem
889 2651 1124 2734 sententiaque
1148 2653 1319 2718 verborum
1352 2653 1393 2719 ad
1417 2653 1595 2735 =paululum
1621 2654 1748 2721 obsoni=
1773 2661 1809 2722 et
1830 2656 1934 2737 =ipsns
1958 2656 2078 2722 tristis:

265 2744 347 2811 licet
370 2750 449 2813 :est
472 2743 638 2825 supplere,
663 2749 775 2808 tamen
799 2749 837 2807 ut
859 2748 960 2807 :sunt
993 2742 1035 2807 ad
1059 2743 1113 2808 =de
1137 2740 1313 2822 improviso
1342 2744 1491 2823 nuptiae:
1513 2745 1670 2826 suppleas
1693 2746 1733 2810 ob
1765 2745 1966 2811 seutentiam
1991 2744 2078 2811 nullo

266 2839 365 2917 pacto
390 2833 461 2899 lieri
485 2837 611 2915 potest;
634 2831 698 2897 iam
717 2833 778 2897 hoc
796 2831 925 2914 signum
950 2830 1108 2896 estnihil
1132 2848 1269 2912 usquam
1285 2832 1500 2913 supplendum
1524 2850 1616 2907 esse;
1641 2834 1734 2898 immo
1759 2833 1867 2899 istaec
1883 2840 1961 2900 sunt
1977 2835 2080 2900 verba

268 2941 379 2989 seeum
403 2921 602 3004 reputantis,
628 2921 685 3003 qui
709 2920 840 3002 singula
871 2927 1044 2986 enumerat
1068 2925 1103 2985 et
1127 2920 1169 2985 ud
1194 2920 1226 2986 id
1250 2921 1402 3001 procedit
1430 2921 1585 2987 iudicium
1616 2942 1695 2988 :non
1719 2923 1925 2989 cohaerent.
1974 2925 2079 3006 Quam

266 3017 347 3095 apta
372 3011 417 3078 sit
440 3013 525 3077 baec
549 3010 636 3077 ratio
661 3009 792 3076 dicendi
817 3027 928 3075 secum
951 3009 1194 3092 reputantibus,
1219 3009 1318 3075 docet
1342 3010 1442 3076 etiam
1465 3012 1589 3077 Heaut.
1615 3013 1679 3076 635
1703 3030 1773 3094 sqq.

1236 3094 1470 3180 amteremptam
1493 3096 1651 3180 oportuit,

588 3186 670 3249 Nora
692 3183 860 3248 maculare
881 3188 1020 3247 mortem
1044 3183 1158 3257 verbm,
1183 3204 1220 3247 re
1242 3182 1315 3268 riusa
1338 3190 1427 3268 spem
1451 3185 1542 3250 m'tae
1565 3185 1658 3250 dare.

588 3274 642 3339 At
662 3272 702 3337 id
721 3273 837 3337 aarrlto
862 3302 869 3342 ς
894 3272 1134 3346 mesericordia,
1160 3273 1298 3336 amamus
1320 3279 1498 3338 enatemus
1522 3304 1529 3345 :
1553 3275 1638 3345 samo.

267 3368 332 3448 ubi,
359 3369 386 3435 si
410 3368 487 3446 quid
511 3367 750 3450 suppleretis,
785 3366 826 3432 de
850 3371 898 3433 :te
921 3366 1133 3448 impulerunt
1159 3365 1370 3450 cogitandum
1395 3374 1457 3433 est
1503 3368 1623 3445 Itaque
1655 3369 1800 3435 fortasse
1832 3387 1904 3434 cum
1928 3367 2078 3437 Bentleio

267 3456 396 3524 Phom
416 3463 479 3524 293
494 3473 563 3540 sqq·
588 3544 646 3606 Do
669 3542 757 3606 alatur
779 3539 990 3626 ‘amprudens
1013 3540 1131 3603 tamarit
1153 3452 1488 3606 adulddrddiaos'oindldda

590 3631 663 3697 ‘Tu
685 3631 813 3695 servos*
838 3658 845 3700 :
869 3649 985 3694 verum
1004 3629 1040 3693 sz'
1058 3634 1235 3714 cognatam
1254 3650 1413 3694 maxume

268 3833 347 3841 *-
365 3832 587 3840 .————-—-—-

427 3919 448 3985 ¹)
468 3926 497 3975 et
521 3935 713 3988 nonnunquam
732 3934 818 3973 zebee:
838 3916 914 3972 verbi
934 3916 1036 3971 formas
1061 3917 1104 3971 rel
1127 3916 1175 3971 ubi
1201 3933 1256 3971 non
1282 3917 1413 3973 habemus
1438 3920 1560 3987 copulam
1590 3920 1641 3974 sed
1667 3920 1808 3989 proprium
1834 3920 1947 3975 verbum
1967 3921 2083 3976 omissas

269 3992 393 4048 videmus
412 3991 592 4047 velutmndr.
612 3993 673 4058 366,
692 3991 744 4045 Ad.
763 3994 797 4043 96
817 3990 862 4044 all.

428 4088 452 4155 ²)
471 4088 601 4158 Quamvis
621 4105 674 4143 uon
695 4088 733 4143 sit
752 4104 884 4143 conexum
897 4101 956 4141 cum
976 4088 1026 4140 hac
1046 4086 1209 4154 quaestione
1230 4088 1499 4142 commemoraverim
1518 4105 1544 4145 v.
1563 4092 1598 4143 44
1614 4088 1785 4157 Wagnerum
1807 4101 1836 4144 et
1855 4092 1963 4159 Speug,
1983 4087 2083 4159 quibus

267 4161 329 4217 Dei.
348 4161 544 4231 adstipulatur,
569 4167 665 4216 contra
689 4158 897 4214 Fleckeiseuum
917 4164 981 4226 post
1000 4157 1115 4211 :omniur
1140 4157 1253 4224 gravius
1274 4158 1460 4214 distinctionis
1485 4160 1594 4228 signum
1617 4161 1754 4229 posuisse,
1781 4159 1852 4230 qnod
1873 4171 1990 4216 :corrtrar
2010 4162 2082 4231 apud

267 4232 429 4288 Terentium
448 4248 556 4301 semper
575 4232 737 4286 adverbium
757 4238 846 4298 essot3
866 4228 961 4297 itaque
981 4230 1016 4284 sd
1036 4236 1157 4283 :eontrsz
1176 4239 1269 4284 mente
1289 4231 1470 4298 supplendum
1490 4247 1552 4285 esse
1571 4234 1682 4286 verbnm
1702 4233 1807 4301 agendi
1834 4240 1970 4289 statuunt..
1999 4233 2083 4301 Equi-

268 4305 330 4360 dem
350 4304 447 4359 dubito
467 4320 526 4357 eum
546 4303 602 4358 iliis
622 4303 714 4359 lacere
734 4309 846 4373 propter
864 4301 978 4355 similem
998 4301 1086 4355 locum
1106 4299 1214 4356 Phorm.
1233 4304 1286 4354 520
1304 4317 1363 4369 sqq.

676 4373 738 4442 qu
758 4379 782 4426 te
800 4371 944 4439 cataplasma
962 4370 1106 4423 advorsum
1124 4371 1259 4439 irrqem'um
1278 4387 1364 4423 meum
1382 4374 1480 4425 ommis
1499 4373 1558 4434 tali,

676 4444 874 4497 Pollicitautem
895 4448 919 4496 et
936 4442 978 4494 m'l
993 4441 1131 4507 sereretur,
1144 4440 1272 4508 flentem:
1289 4459 1362 4494 nuuc
1379 4449 1473 4496 corrtra
1491 4445 1584 4497 ommia
1601 4444 1666 4498 baec

676 4514 794 4582 Repperi
812 4516 859 4582 qm·
877 4514 920 4568 del
938 4529 1021 4580 aeque
1039 4513 1189 4565 lacmemat:
1207 4512 1244 4565 da
1263 4513 1349 4566 meum
1366 4514 1530 4570 auctioribus.

428 4591 487 4659 Quo
506 4590 567 4644 loco
587 4606 621 4643 ne
641 4596 758 4643 econtra:
778 4603 825 4656 pro
844 4585 974 4642 adverbio
993 4586 1114 4654 positum
1134 4600 1197 4640 esse
1218 4587 1357 4655 ducamus,
1376 4588 1514 4659 prohibet,
1534 4589 1627 4655 credo,
1648 4590 1709 4658 ipsa
1727 4589 1781 4644 loci
1801 4590 1956 4655 sententis3
1976 4605 2038 4644 nam
2058 4589 2083 4643 si

268 4660 381 4717 verbum
400 4658 503 4730 agendi
524 4660 705 4730 supplendum
726 4669 812 4727 esset,
833 4659 933 4714 :omnia
951 4659 1030 4712 baec:
1050 4657 1085 4712 ad
1106 4657 1251 4726 sequentia
1270 4657 1451 4726 pertinerent,
1471 4660 1498 4714 id
1520 4660 1594 4728 quod
1614 4662 1689 4715 nullo
1713 4663 1794 4716 modo
1813 4661 1873 4716 fieri
1893 4669 1997 4730 potest,
2023 4677 2083 4714 cum

266 4733 307 4789 nil
326 4732 380 4788 nisi
399 4733 522 4802 :repperi
540 4731 585 4801 qni
606 4733 656 4786 det
674 4746 763 4800 neque
783 4732 927 4785 lucrumst:
945 4729 1144 4797 subsequatur,
1164 4735 1194 4782 at
1212 4730 1316 4798 optime
1336 4730 1383 4785 ille
1402 4731 1487 4786 verbe
1506 4745 1567 4786 curn
1586 4733 1813 4788 antecedentibus
1832 4739 2021 4787 conectuntur.

428 4830 449 4898 ⁸)
467 4831 538 4885 Sane
558 4830 654 4884 insunt
672 4829 779 4898 aliquot
798 4829 973 4893 offensiones,
993 4827 1091 4896 quibus
1111 4826 1246 4881 adductus
1266 4826 1366 4893 Bentl.,
1385 4844 1462 4896 quem
1489 4829 1530 4884 Fi.
1550 4838 1663 4884 secutus
1684 4837 1736 4897 est,
1760 4830 1866 4884 falsarii
1890 4846 1998 4884 manum
2025 4845 2084 4884 eus·

266 4902 375 4972 picotus
395 4902 437 4956 its
456 4903 541 4956 locum
561 4901 720 4956 constituit:
838 4899 942 4952 Eorum
961 4896 1061 4951 studiis
1079 4898 1187 4963 obsequi
1207 4896 1346 4965 [aduersus
1364 4900 1482 4952 nemim:

836 4970 985 5037 Nunquam
1000 4984 1168 5037 praeproaene
1186 4983 1213 5021 ee
1230 4966 1299 5037 illu]
1320 4969 1361 5023 ita
1382 4968 1432 5039 [ut]
1447 4970 1598 5038 facillume.
1623 5005 1656 5012 -

427 5044 593 5114 Spengeliue
611 5044 732 5099 servatis
753 5045 806 5099 illis
826 5043 928 5112 verbis,
948 5058 1018 5111 quae
1038 5041 1130 5097 Bentl.
1150 5041 1245 5110 spuria
1263 5057 1327 5096 esse
1342 5042 1438 5108 voluit,
1459 5041 1494 5099 ob
1513 5055 1691 5112 anapaestum
1712 5043 1837 5098 :studiisz
1857 5043 1884 5097 in
1903 5044 1990 5098 tertio
2014 5045 2083 5111 pede

267 5116 369 5172 senarii
389 5116 430 5170 ita
449 5116 577 5184 scripsit:
603 5114 709 5167 saum
726 5114 835 5182 obsequi
852 5112 951 5178 studio,
974 5128 1029 5166 ease
1046 5112 1177 5164 adumsue
1200 5113 1332 5181 nemimem
1361 5115 1410 5168 sed
1430 5115 1501 5169 haud
1521 5115 1576 5170 scia
1601 5132 1643 5172 an,
1672 5115 1696 5170 si
1716 5130 1802 5169 :assez
1822 5115 1990 5179 inducamus,
2010 5130 2083 5169 :esse

268 5188 414 5243 advorsum
433 5187 544 5255 nemini,
571 5203 707 5256 nunquam
732 5195 950 5258 praeponentem
969 5200 999 5240 se
1019 5185 1084 5239 iilis:
1111 5183 1232 5238 scribere
1262 5184 1415 5252 debeamus,
1442 5187 1512 5254 qnod
1532 5186 1625 5241 versui
1648 5186 1813 5240 incommodo
1833 5193 1886 5243 est.
1918 5186 2084 5255 Quocunque

266 5260 346 5315 ruodo
365 5274 409 5314 rea
430 5275 460 5313 re
480 5259 571 5328 habet,
600 5257 761 5327 —reliqua
788 5275 859 5313 nuuc
878 5274 933 5313 uon
961 5272 1033 5323 curo,
1062 5272 1097 5311 ne
1116 5253 1225 5323 lougius
1254 5273 1272 5310 a
1289 5272 1320 5312 re
1339 5257 1406 5311 mihi
1425 5257 1569 5326 proposita
1588 5256 1713 5312 aberrem
1732 5289 1766 5297 -
1795 5260 1846 5312 hoc
1864 5274 1946 5313 unum
1975 5258 2083 5326 quidem

267 5338 373 5386 certum
394 5336 447 5385 est.
466 5331 495 5385 iu
514 5345 554 5398 eo,
574 5331 647 5398 quod
667 5331 712 5386 vel
730 5330 846 5384 maxime
866 5328 1025 5384 Bentleium
1046 5334 1077 5382 ut
1096 5326 1179 5381 verba
1198 5324 1246 5380 iila
1265 5327 1369 5382 inclusa
1387 5329 1536 5383 subditicio
1563 5328 1702 5384 iudicaret
1721 5330 1871 5385 adduxisse
1899 5330 2018 5392 videtur,
2045 5330 2085 5383 nil

268 5418 330 5458 esse
351 5400 522 5458 offensionis.
547 5400 618 5456 Nam
644 5402 718 5469 quod
744 5401 812 5456 dicit
835 5401 936 5455 vitiose
955 5401 1075 5454 transire
1096 5397 1250 5453 orationem
1271 5398 1304 5453 ab
1333 5398 1481 5454 infinitivis
1505 5400 1541 5454 ed
1561 5399 1707 5469 adiectiva,
1727 5402 1912 5457 conferendus
1939 5405 1984 5454 est
2008 5401 2085 5455 iocus

269 5488 354 5543 supra
372 5473 502 5529 laudatus
522 5473 574 5528 Ad.
592 5476 629 5527 44
647 5489 705 5541 sqq.
716 5494 723 5540 ;
743 5480 773 5527 et
792 5472 834 5527 cui
854 5472 899 5526 hic
917 5473 1003 5539 locus,
1023 5471 1161 5540 quianon
1180 5484 1293 5536 prorsus
1313 5480 1357 5525 est
1376 5470 1483 5540 similis,
1502 5486 1555 5525 non
1574 5472 1748 5540 persuaserit
1767 5473 1796 5527 in
1815 5473 1865 5528 tali
1884 5488 1914 5526 re
1933 5471 2002 5525 nihil
2022 5487 2085 5525 esse

274 5542 448 5612 offensionis,
467 5546 491 5600 is
511 5546 632 5600 tertuum
652 5545 788 5599 concedet
806 5559 861 5599 uon
880 5543 970 5598 minus
989 5543 1110 5599 notabile
1134 5554 1196 5595 esse
1216 5540 1383 5597 adiectivmu
1402 5559 1454 5598 om.
1473 5542 1570 5611 copula
1595 5543 1670 5599 inter
1693 5543 1778 5599 rerba
1799 5544 1879 5598 finita
1901 5543 2086 5597 intermissum

273 5614 351 5672 velut
369 5614 418 5670 illo
439 5615 562 5672 Andriae
582 5617 657 5671 loco:
680 5612 800 5668 Curabat
817 5629 874 5667 uua
888 5612 989 5682 suasa:
1009 5615 1096 5667 trieta's
1112 5609 1230 5677 iatemm
1246 5611 1251 5680 Ι
1266 5611 1470 5681 Nonnumquam
1488 5611 1714 5671 mmmmm
