4454 6518
188 1054 334 1121 admissa
369 1052 627 1135 comparatione,
662 1062 775 1119 tamen
806 1054 906 1119 etiam
935 1053 1122 1119 dubitarem
1145 1054 1202 1120 illo
1226 1056 1378 1121 Eunuchi
1412 1055 1485 1121 loco
1520 1056 1689 1138 expellere
1726 1055 1885 1139 copulam,
1919 1074 2004 1137 quae

189 1143 346 1211 librorum
370 1150 533 1208 concentu
557 1148 701 1207 tueatur.

349 1234 444 1297 Nunc
467 1250 516 1309 eo,
541 1232 650 1309 credo,
676 1231 896 1311 pervenimus
923 1237 959 1296 ut

346 1322 470 1387 Heaut.
496 1328 537 1385 82
563 1316 610 1380 Si
628 1316 711 1399 quid
731 1315 856 1379 lczborir
878 1320 934 1383 est,
960 1314 1082 1381 nollem
1106 1342 1113 1383 :
1138 1318 1200 1380 scd
1219 1318 1306 1401 quid
1327 1318 1413 1382 istric
1435 1318 1578 1381 riclini?

185 1412 282 1479 verb.
306 1412 410 1477 subst.
436 1429 507 1475 cum
531 1409 684 1475 Bentleio
700 1408 812 1473 delere
830 1426 951 1474 summo
968 1410 1040 1474 iure
1057 1410 1270 1476 haesitemus,
1296 1410 1348 1475 Fi.
1367 1418 1401 1476 et
1419 1412 1627 1492 Wagnerus:
1653 1407 1796 1490 Siquid
1816 1408 1965 1483 laborist,
1976 1409 2003 1495 ¹)

186 1496 330 1561 nollem:
352 1500 426 1565 coll,
450 1499 535 1564 Rud,
560 1498 587 1577 I,
612 1500 641 1561 3.
669 1505 685 1561 7
712 1495 805 1556 Nam
821 1494 881 1557 lioc
903 1494 994 1558 rrrilri
1011 1495 1084 1559 hau
1107 1495 1154 1558 sit
1175 1495 1289 1558 labori
1300 1496 1445 1559 laborem
1468 1496 1561 1559 laurac
1577 1496 1693 1580 potiri.
1718 1500 1828 1583 Umpf,
1845 1501 2004 1568 traditam

187 1590 386 1669 scripturam
409 1588 557 1653 retinuit.
581 1620 625 1629 ·-

348 1676 491 1743 Ultimus
515 1677 618 1753 locus
644 1676 698 1751 qui
721 1677 783 1740 buc
806 1676 965 1757 pertinet,

347 1768 472 1833 Heaut.
500 1768 562 1830 195
586 1762 703 1843 Atque
724 1761 803 1823 naec
821 1761 968 1843 perinde
989 1766 1075 1825 sunt
1096 1766 1139 1824 ut
1160 1762 1259 1826 illr'us
1282 1761 1430 1833 narinus,
1456 1762 1521 1845 qui
1538 1784 1578 1826 eu-
1596 1762 1756 1847 possidet.

186 1856 403 1925 Occasionem
434 1856 493 1919 dat
523 1854 714 1936 disputandi
738 1854 779 1919 de
810 1873 870 1919 usu
902 1854 1104 1920 Terentiano
1134 1855 1168 1920 in
1201 1854 1484 1921 enuntiationibus
1514 1857 1753 1937 comparativis
1783 1858 1941 1939 exhibito,
1974 1858 2004 1925 si

187 1974 361 2051 utriusque
394 1972 529 2037 membri
559 1970 787 2063 praedicatum
811 1970 913 2036 verbo
937 1972 1041 2036 subst.
1066 1969 1220 2035 ellicitnr.
1246 1970 1379 2035 Etenim
1403 1970 1437 2035 in
1470 1949 1549 2036 ΑΕ
1568 1991 1688 2037 versus
1705 1972 1753 2037 sic
1769 1972 1915 2038 traditus
1939 1978 2002 2053 est,

192 2064 324 2141 qualem
348 2079 449 2143 supra
480 2060 701 2131 laudavimus3
727 2058 901 2139 (BlCDFP
935 2066 1047 2125 autem
1082 2067 1116 2124 et
1148 2060 1250 2141 Eugr.
1288 2061 1362 2125 exb.
1388 2060 1529 2125 :animus
1562 2067 1622 2131 est.
1654 2060 1738 2140 qnia
1773 2062 1859 2141 quod
1892 2062 2002 2146 Umpf.

185 2152 331 2233 recepit3
355 2150 408 2215 Fl.
434 2154 469 2215 et
492 2150 613 2231 Wagn.
640 2148 791 2214 scribunt
820 2154 870 2212 :ut
892 2148 996 2213 illinst
1027 2147 1163 2225 animus,
1195 2150 1262 2225 qui:
1287 2149 1464 2213 secundum
1489 2150 1586 2214 Ceus
1622 2150 1662 2214 de
1687 2150 1741 2214 die
1766 2157 1835 2215 nat.
1863 2157 1889 2215 1.
1922 2152 2003 2217 cnm

186 2256 259 2319 cop.
283 2259 349 2306 non
371 2240 472 2321 plena
502 2238 633 2320 syllaba
664 2236 815 2301 adbibita
839 2244 916 2318 post
945 2263 1001 2289 :—
1026 2256 1077 2301 us:
1108 2237 1376 2303 terminationem
1409 2238 1568 2303 facillime
1605 2238 1808 2304 intercidere
1844 2240 2001 2320 potuerit,

186 2330 370 2396 cavendum
405 2334 458 2393 est
488 2346 530 2392 ue
555 2328 705 2409 cupidius
737 2326 850 2391 statim
879 2326 1029 2392 Bembini
1062 2327 1298 2391 auctoritatem
1322 2342 1506 2403 sequamur.
1543 2326 1655 2409 spuere
1681 2347 1721 2393 ex
1755 2329 1829 2409 ipsa
1853 2328 2003 2395 Terentii

187 2417 436 2493 consuetudine,
461 2416 568 2497 qualis
592 2415 784 2493 ceteroquin
809 2415 1030 2497 cognoscitur,
1056 2416 1212 2481 auxilium
1236 2416 1279 2479 ad
1303 2415 1546 2482 diiudicandum
1563 2418 1786 2499 appetendum
1812 2423 1874 2497 est,
1903 2426 2001 2498 atque

186 2508 273 2575 hacc
297 2507 338 2574 de
363 2525 405 2572 ea
428 2525 463 2571 re
489 2505 666 2571 statuenda
689 2510 782 2569 sunt:

314 2597 342 2663 Ι.
365 2596 406 2661 In
431 2593 659 2661 enuntiatione
684 2592 882 2658 secundaria
905 2592 1067 2657 omittitur
1091 2594 1228 2659 verbnm
1253 2594 1358 2658 subst.

403 2680 436 2765 1)
460 2682 488 2749 si
512 2684 629 2749 eadem
653 2682 759 2747 forma
782 2682 934 2763 ponenda
957 2687 1044 2760 erat,
1069 2700 1155 2762 quae
1181 2689 1294 2746 exstat
1317 2682 1350 2747 in
1375 2682 1542 2763 primaria
1565 2685 1659 2750 velut

458 2774 541 2838 Hcc.
567 2778 630 2837 312
654 2767 776 2830 Itidem
800 2766 881 2830 illuc
902 2766 1064 2829 rnulierrs
1085 2770 1171 2829 siant
1190 2766 1299 2838 ferme
1321 2772 1364 2830 ut
1380 2768 1574 2849 puerilem
1598 2768 1779 2832 sententio.

458 2861 520 2927 Ad.
545 2866 609 2927 422
634 2880 681 2941 sq.
707 2858 800 2919 Nam
824 2855 864 2919 id
883 2855 978 2918 rrobt's
1001 2860 1071 2917 tom
1080 2854 1301 2947 flugitr'zimst
1322 2876 1425 2939 quom
1450 2855 1519 2927 ullo,
1545 2860 1684 2929 Demea,

711 2947 792 3008 Nori
814 2946 929 3015 facere
951 2945 1049 3017 uobis
1076 2964 1162 3027 quac
1184 2945 1280 3008 modu
1303 2944 1402 3008 drrti.

459 3038 501 3103 cl.
528 3039 627 3103 etiam
652 3040 755 3104 Andr.
781 3044 855 3115 547,
881 3042 944 3103 720
970 3045 1034 3104 etc.

399 3124 434 3210 2)
454 3129 492 3207 si,
522 3146 593 3193 cum
620 3128 707 3193 idem
737 3133 790 3192 est
816 3128 930 3192 modus
958 3127 1110 3203 idemque
1138 3133 1279 3209 tempus,
1309 3126 1423 3194 differt
1449 3143 1602 3207 persona,
1628 3128 1799 3194 dnmmodo
1823 3130 1909 3194 haec
1933 3130 2001 3195 alia

451 3237 535 3283 voce
559 3215 774 3298 significetur,
799 3216 892 3282 velut

450 3306 512 3371 Ad.
540 3309 602 3369 lna
656 3302 757 3383 Quom
781 3300 837 3363 uir
859 3300 976 3364 melior
996 3301 1103 3364 mullo
1126 3323 1160 3365 cs
1183 3323 1283 3385 quarn
1306 3322 1373 3383 ege,

398 3390 434 3477 3)
454 3396 492 3473 si,
518 3414 587 3461 cum
609 3397 725 3460 eadem
742 3406 908 3476 estpars,
934 3394 1045 3460 differt
1060 3400 1197 3477 tempus,
1214 3396 1384 3460 dnmmodo
1402 3396 1463 3461 hoc
1480 3394 1637 3461 adverbio
1666 3393 1884 3475 significetur,
1907 3396 2001 3463 velut

452 3486 554 3550 Andr.
581 3490 643 3549 545
691 3478 813 3541 fllium
836 3500 905 3541 erre
927 3500 1038 3543 censes
1060 3499 1155 3543 nunc
1177 3502 1228 3543 me
1249 3486 1351 3563 atque
1373 3480 1453 3543 olim
1478 3500 1574 3563 quom
1599 3479 1742 3542 clabum?

450 3576 572 3639 chnt.
599 3580 661 3638 oct
709 3570 764 3631 Nc
786 3588 879 3631 rrurzc
899 3567 1013 3630 uterino
1037 3567 1087 3631 ito
1110 3590 1195 3631 esses
1218 3570 1312 3641 dure,
1337 3574 1380 3632 rit
1401 3569 1481 3632 olim
1506 3570 1544 3632 in
1569 3568 1727 3641 tollendo,
1757 3568 1937 3633 Chremes!

290 3664 335 3731 11.
382 3663 421 3728 Iu
446 3670 583 3743 utroque
607 3664 749 3727 membro
774 3662 905 3741 ponitur
928 3663 1064 3728 verbum
1091 3663 1193 3728 subst..

401 3748 433 3833 l)
454 3753 482 3817 si
507 3752 671 3817 enuntiati
695 3759 864 3816 structura
888 3751 922 3815 in
946 3750 1157 3817 condiciones
1180 3752 1254 3816 illas
1278 3770 1344 3818 non
1369 3752 1535 3830 convenit,
1560 3751 1653 3815 velut

450 3841 552 3907 Andr.
573 3843 637 3905 245
684 3836 799 3898 Adron
821 3838 976 3898 honriuem
999 3857 1065 3898 csse·
1088 3838 1280 3900 irmennstum
1302 3848 1358 3899 aut
1378 3838 1536 3922 infelicem
1559 3856 1751 3918 qucrrrpuam,
1776 3850 1809 3899 ni
1830 3859 1889 3919 rgo
1911 3837 2000 3899 sum!

449 3930 578 3995 Phorm,
607 3936 665 3993 171
718 3924 812 4005 Quod
832 3927 862 3987 si
883 3925 944 3986 tibi
960 3946 1013 3987 rrs
1035 3927 1078 3986 sit
1098 3948 1165 3987 curn
1190 3949 1224 3988 co
1248 3929 1354 3989 lenorre
1376 3948 1502 4007 praecum
1527 3927 1643 3997 rrtilrisl,
1669 3938 1732 3987 ium
1754 3930 1877 3992 sentius.

450 4018 528 4084 ibid,
554 4022 616 4082 581
642 4034 690 4095 sq,
742 4015 786 4076 Te
808 4016 888 4076 milri
900 4014 1031 4097 fidrlem
1054 4036 1120 4077 esse
1142 4029 1347 4097 inspirantque
1369 4028 1581 4097 egorrrctsum
1606 4016 1685 4077 milri

731 4104 871 4167 -S'cibarm

451 4197 493 4263 cl.
518 4196 617 4262 etiam
641 4198 763 4263 Heaut.
789 4198 867 4267 aba
891 4196 1022 4260 Phornr.
1049 4199 1127 4275 530;
1152 4197 1214 4261 Ad.
1240 4199 1293 4262 39.
1318 4204 1378 4261 801
1409 4202 1472 4263 etc.

399 4284 432 4369 2)
452 4287 489 4363 si,
522 4304 592 4351 cum
624 4285 781 4350 differunt
811 4284 972 4359 subiecta,
1004 4284 1186 4350 enuntiatio
1217 4286 1416 4352 secundaria
1446 4286 1495 4351 ita
1525 4285 1558 4351 in
1588 4284 1776 4367 primariam
1800 4284 1999 4368 interposita

450 4384 511 4453 est,
537 4381 573 4439 nt
596 4374 790 4455 praedicato
815 4374 884 4438 eins
908 4373 1100 4449 arrtecedat‚
1126 4376 1219 4440 velut

450 4464 535 4530 Eun.
562 4470 624 4529 527
722 4460 751 4521 Τ
749 4459 828 4530 liuta
853 4480 944 4540 quum
967 4481 1026 4541 ego
1048 4481 1127 4530 snm,
1152 4460 1366 4531 rnuiusculosi.

449 4554 579 4619 Phorm.
604 4558 669 4617 808
721 4550 762 4613 Ut
781 4550 914 4628 propior
945 4547 1003 4625 illi,
1025 4570 1117 4629 quum
1140 4570 1199 4631 ego
1220 4571 1290 4613 snm
1312 4572 1349 4612 cic
1371 4562 1412 4628 tn,
1434 4550 1525 4612 lromo
1548 4562 1675 4615 nenrosl.

448 4644 529 4709 Hec,
554 4646 618 4707 218
714 4637 791 4699 Ideo
813 4640 894 4718 quio,
917 4639 963 4699 uli
984 4640 1072 4699 dorni
1092 4660 1146 4700 uos
1169 4642 1215 4701 mi
1236 4642 1334 4717 erilis,
1352 4639 1491 4721 proinde
1514 4660 1572 4719 rgo
1595 4660 1650 4700 ero
1663 4638 1764 4723 sernia
1776 4638 1881 4721 foris.

183 4730 279 4815 Quae
302 4750 375 4799 cum
398 4732 447 4797 ita
470 4732 546 4809 sint,
573 4730 684 4796 dnbito
697 4750 741 4795 en
753 4730 836 4795 falso
857 4730 1002 4795 editores
1019 4736 1153 4811 praeter
1169 4732 1355 4797 Bentleium
1373 4737 1409 4797 et
1425 4732 1588 4796 Klotzium
1604 4731 1658 4795 illo
1676 4726 1776 4811 locri)
1790 4730 1912 4796 Heant.
1934 4734 1995 4794 195

182 4826 219 4889 et
242 4822 359 4887 :iliiust
382 4821 521 4887 animus:
546 4829 581 4885 ct
603 4819 704 4884 :illins
729 4820 884 4884 animust:
908 4818 1118 4899 scripserint;
1144 4840 1218 4885 nram
1243 4820 1373 4885 nrinime
1398 4840 1480 4901 opus
1503 4827 1555 4885 est
1575 4821 1703 4901 copula,
1729 4820 1778 4883 ita
1794 4825 1831 4884 ut
1849 4818 1998 4884 Bembini

182 4910 367 4977 auctoritas
390 4910 463 4991 ipsa
487 4928 564 4977 usus
589 4908 787 4974 Terentiani
810 4909 1047 4973 observatione
1072 4908 1292 4975 confirmetur.

342 5320 413 5384 Iam
445 5318 487 5383 ad
518 5321 615 5385 linem
647 5316 786 5399 perduxi
816 5317 998 5393 numeriam,
1030 5332 1124 5391 quam
1156 5317 1283 5395 quidem
1316 5318 1414 5382 lralnri
1445 5317 1486 5381 de
1518 5315 1644 5397 ellipsis
1672 5316 1765 5381 verbi
1798 5318 1902 5380 snbst.
1934 5332 1996 5381 usu

181 5407 396 5487 Terentiano,
422 5418 521 5484 atque
546 5428 595 5472 me
621 5426 694 5471 eam
718 5425 780 5470 non
802 5406 910 5471 invita
926 5406 1078 5472 Minerva
1103 5408 1313 5489 congessisse
1338 5426 1445 5487 spero.
1486 5405 1603 5470 studui
1627 5420 1723 5481 quarn
1741 5404 1995 5487 diligentissime

343 5604 365 5665 ¹)
383 5605 470 5659 intell.
490 5602 649 5657 :labori’st-2.

343 5674 364 5735 ²)
384 5692 459 5745 qius-m
480 5676 530 5729 snb
549 5674 571 5727 Ι.
591 5678 619 5733 ‘dl
640 5674 675 5727 ad
694 5674 780 5727 Andr.
799 5676 850 5726 705
870 5673 1007 5741 adiungas
1029 5688 1142 5741 qinaeso.
